<record><leader>00000cas a22000007a 4500</leader><controlfield tag="001">15720567</controlfield><controlfield tag="008">870521d18961901inucr ne      0    0eng d</controlfield><datafield ind1=" " ind2=" " tag="010"><subfield code="a">sn 87056065 </subfield></datafield><datafield ind1=" " ind2=" " tag="040"><subfield code="a">NPI</subfield><subfield code="b">eng</subfield><subfield code="c">NPI</subfield><subfield code="d">OCLCQ</subfield></datafield><datafield ind1=" " ind2=" " tag="042"><subfield code="a">msc</subfield></datafield><datafield ind1="0" ind2="4" tag="245"><subfield code="a">The Goshen mid-week times.</subfield></datafield><datafield ind1="1" ind2="3" tag="246"><subfield code="a">Goshen times</subfield></datafield><datafield ind1="3" ind2="0" tag="246"><subfield code="a">Goshen weekly times</subfield></datafield><datafield ind1=" " ind2=" " tag="260"><subfield code="a">Goshen, Ind. :</subfield><subfield code="b">L.H. Beyerle,</subfield><subfield code="c">1896-</subfield></datafield><datafield ind1=" " ind2=" " tag="310"><subfield code="a">Semiweekly</subfield></datafield><datafield ind1="0" ind2=" " tag="362"><subfield code="a">Vol. 1, no. 1 (June 9, 1896)-</subfield></datafield><datafield ind1="1" ind2=" " tag="362"><subfield code="a">Ceased with July 5, 1901 issue?</subfield></datafield><datafield ind1=" " ind2=" " tag="500"><subfield code="a">On Friday published as: The Goshen weekly times.</subfield></datafield><datafield ind1=" " ind2=" " tag="500"><subfield code="a">Friday ed. continues numbering of the preceding title, "Goshen times."</subfield></datafield><datafield ind1=" " ind2=" " tag="580"><subfield code="a">Also published in a daily ed. called: The Goshen daily times.</subfield></datafield><datafield ind1=" " ind2=" " tag="752"><subfield code="a">United States</subfield><subfield code="b">Indiana</subfield><subfield code="c">Elkhart</subfield><subfield code="d">Goshen.</subfield></datafield><datafield ind1="1" ind2=" " tag="775"><subfield code="t">Goshen daily times</subfield><subfield code="w">(DLC)sn 87056064</subfield></datafield><datafield ind1="0" ind2="0" tag="780"><subfield code="t">Goshen times</subfield><subfield code="w">(DLC)sn 84027381</subfield></datafield><datafield ind1="0" ind2="7" tag="785"><subfield code="t">Goshen weekly news</subfield><subfield code="w">(DLC)sn 87056068</subfield></datafield><datafield ind1="0" ind2="7" tag="785"><subfield code="t">Goshen mid-week news-times</subfield><subfield code="w">(DLC)sn 87056066</subfield></datafield></record>